%% This BibTeX bibliography file was created using BibDesk.
%% http://bibdesk.sourceforge.net/


%% Created for Venki Kavuri at 2015-08-08 21:14:51 -0400 


%% Saved with string encoding Unicode (UTF-8) 



@article{kavuri2012sparsity,
	Author = {Kavuri, Venkaiah C and Lin, Zi-Jing and Tian, Fenghua and Liu, Hanli},
	Journal = {Biomedical optics express},
	Number = {5},
	Pages = {943--957},
	Publisher = {Optical Society of America},
	Title = {Sparsity enhanced spatial resolution and depth localization in diffuse optical tomography},
	Volume = {3},
	Year = {2012}}

@article{patel2012multifunctionality,
	Author = {Patel, Ronak H and Wadajkar, Aniket S and Patel, Nimit L and Kavuri, Venkaiah C and Nguyen, Kytai T and Liu, Hanli},
	Journal = {Journal of biomedical optics},
	Number = {4},
	Pages = {0460031--04600310},
	Publisher = {International Society for Optics and Photonics},
	Title = {Multifunctionality of indocyanine green-loaded biodegradable nanoparticles for enhanced optical imaging and hyperthermia intervention of cancer},
	Volume = {17},
	Year = {2012}}

@article{kavuri2014hierarchical,
	Author = {Kavuri, Venkaiah C and Liu, Hanli},
	Journal = {Academic radiology},
	Number = {2},
	Pages = {250--262},
	Publisher = {Elsevier},
	Title = {Hierarchical clustering method to improve transrectal ultrasound-guided diffuse optical tomography for prostate cancer imaging},
	Volume = {21},
	Year = {2014}}

@inproceedings{kavuri2013hierarchical,
	Author = {Kavuri, Venkaiah C and Liu, Hanli},
	Booktitle = {SPIE BiOS},
	Organization = {International Society for Optics and Photonics},
	Pages = {85781K--85781K},
	Title = {Hierarchical clustering method for improved prostate cancer imaging in diffuse optical tomography},
	Year = {2013}}

@thesis{kavuri2014development,
	Author = {Kavuri, Venkaiah Chowdary},
	Publisher = {Biomedical Engineering},
	Title = {Development Of Trans-rectal Ultrasound (trus) Coupled Diffuse Optical Tomography (dot) For Prostate Cancer Imaging},
	Year = {2014}}

@inproceedings{kavuri2014optical,
	Author = {Kavuri, Venkaiah C and Kapur, Payal and Morgan, Monica and Cadeddu, Jeffrey and Roehrborn, Claus and Liu, Hanli},
	Booktitle = {Biomedical Optics},
	Organization = {Optical Society of America},
	Pages = {BM3A--28},
	Title = {Optical properties of Ex-Vivo Prostate Tissues and the Design of Trans-Rectal Ultrasound Coupled Optical Probe},
	Year = {2014}}

@inproceedings{kavuri2012heterogeneous,
	Author = {Kavuri, Venkaiah C and Lin, Zi-Jing and Liu, Hanli},
	Booktitle = {Biomedical Optics},
	Organization = {Optical Society of America},
	Pages = {BTu3A--37},
	Title = {Heterogeneous Hierarchical Segmentation Method for Improved Prostate Cancer Imaging In Diffuse Optical Tomography: Simulation Study},
	Year = {2012}}

@inproceedings{kavuri2012comparison,
	Author = {Kavuri, Venkaiah C and Lin, Zi-Jing and Liu, Hanli},
	Booktitle = {Biomedical Optics},
	Organization = {Optical Society of America},
	Pages = {BTu3A--22},
	Title = {Comparison of L1 and L2 Regularizations in Diffuse Optical Tomography},
	Year = {2012}}

@article{nguyen2012multifunctionality,
	Author = {Nguyen, Kytai T and Patel, Ronak H and Patel, Nimet L and Kavuri, Venkaiah C and Liu, Hanli},
	Publisher = {SPIE},
	Title = {Multifunctionality of indocyanine green-loaded biodegradable nanoparticles for enhanced optical imaging and hyperthermia intervention of cancer},
	Year = {2012}}

@inproceedings{krishnamurthy2010detectability,
	Author = {Krishnamurthy, Venkatagiri and Kavuri, Venkaiah and Tian, Fenghua and Liu, Hanli},
	Booktitle = {Biomedical Optics},
	Organization = {Optical Society of America},
	Pages = {BTuD103},
	Title = {Detectability of Hemodynamic Response to Thermal Pain in Pre-Frontal Cortex Using Diffuse Optical Tomography},
	Year = {2010}}
